@article{Alloul:2013bka,
  author    = {Alloul, Adam and Christensen, Neil D. and Degrande, Celine and Duhr, Claude and Fuks, Benjamin},
  title     = {{FeynRules 2.0 - A complete toolbox for tree-level phenomenology}},
  journal   = {Comput. Phys. Commun.},
  volume    = {185},
  pages     = {2250--2300},
  year      = {2014},
  doi       = {10.1016/j.cpc.2014.04.012},
  eprint    = {1310.1921},
  archivePrefix = {arXiv},
  primaryClass = {hep-ph}
}

@article{Alwall:2014hca,
  author    = {Alwall, Johan et al.},
  title     = {{The automated computation of tree-level and next-to-leading order differential cross sections, and their matching to parton shower simulations}},
  journal   = {JHEP},
  volume    = {07},
  pages     = {079},
  year      = {2014},
  doi       = {10.1007/JHEP07(2014)079},
  eprint    = {1405.0301},
  archivePrefix = {arXiv},
  primaryClass = {hep-ph}
}

@article{Sjostrand:2014zea,
  author    = {Sj\"ostrand, Torbj\"orn et al.},
  title     = {{An introduction to PYTHIA 8.2}},
  journal   = {Comput. Phys. Commun.},
  volume    = {191},
  pages     = {159--177},
  year      = {2015},
  doi       = {10.1016/j.cpc.2015.01.024},
  eprint    = {1410.3012},
  archivePrefix = {arXiv},
  primaryClass = {hep-ph}
}

@article{Curtin:2013fra,
  author    = {Curtin, David and Essig, Rouven and Gori, Stefania and Jaiswal, Prerit and Katz, Andrey and Liu, Tao and Liu, Zhen and McKeen, David and Shelton, Jessie and Strassler, Matthew J. and Surujon, Ze'ev and Tweedie, Brock and Zhong, Yi-Ming},
  title     = {{Exotic decays of the 125 GeV Higgs boson}},
  journal   = {Phys. Rev. D},
  volume    = {90},
  number    = {7},
  pages     = {075004},
  year      = {2014},
  doi       = {10.1103/PhysRevD.90.075004},
  eprint    = {1312.4992},
  archivePrefix = {arXiv},
  primaryClass = {hep-ph}
}

@article{Curtin:2014cca,
  author    = {Curtin, David and Essig, Rouven and Gori, Stefania and Shelton, Jessie},
  title     = {{Illuminating Dark Photons with High-Energy Colliders}},
  journal   = {JHEP},
  volume    = {02},
  pages     = {157},
  year      = {2015},
  doi       = {10.1007/JHEP02(2015)157},
  eprint    = {1412.0018},
  archivePrefix = {arXiv},
  primaryClass = {hep-ph}
}


@misc{jose8afHEPProject,
  author       = {Ochoa, Jose},
  title        = {HEP\_Project},
  year         = {2025},
  url          = {https://github.com/jose8af/HEP_Project},
  note         = {Accessed: 2025-05-12},
}
